<?xml version="1.0" encoding="UTF-8"?><record xmlns="http://www.loc.gov/MARC21/slim" xmlns:cinclude="http://apache.org/cocoon/include/1.0" xmlns:zs="http://www.loc.gov/zing/srw/">
  <leader>00569nz  a2200157n  4500</leader>
  <controlfield tag="001">no2007104718</controlfield>
  <controlfield tag="003">DLC</controlfield>
  <controlfield tag="005">20070909075229.0</controlfield>
  <controlfield tag="008">070724n| acannaabn          |a aaa     c</controlfield>
  <datafield tag="010" ind1=" " ind2=" ">
    <subfield code="a">no2007104718</subfield>
  </datafield>
  <datafield tag="035" ind1=" " ind2=" ">
    <subfield code="a">(OCoLC)oca07516387</subfield>
  </datafield>
  <datafield tag="040" ind1=" " ind2=" ">
    <subfield code="a">IdPI</subfield>
    <subfield code="b">eng</subfield>
    <subfield code="c">IdPI</subfield>
  </datafield>
  <datafield tag="100" ind1="1" ind2=" ">
    <subfield code="a">Thompson, Jeffrey D.</subfield>
    <subfield code="q">(Jeffrey Denny)</subfield>
  </datafield>
  <datafield tag="400" ind1="1" ind2=" ">
    <subfield code="a">Thompson, Jeff D.</subfield>
    <subfield code="q">(Jeff Denny)</subfield>
  </datafield>
  <datafield tag="670" ind1=" " ind2=" ">
    <subfield code="a">His Leadership, 2006:</subfield>
    <subfield code="b">t.p. (Jeffrey D. Thompson; Master of Training and Development, Idaho State Univ., 2006)</subfield>
  </datafield>
  <datafield tag="670" ind1=" " ind2=" ">
    <subfield code="a">PeopleFinders.com, July 24, 2007</subfield>
    <subfield code="b">(Thompson, Jeffrey Denny; Thompson, Jeff D.)</subfield>
  </datafield>
</record>